@MISC{Github,
title = "GitHub repository",
howpublished = "\url{https://github.com/simennb/fys4150-project-4}"
}

@MISC{Lectures,
title = "Lecture notes",
howpublished = "\url{https://github.com/CompPhysics/ComputationalPhysics/blob/gh-pages/doc/Lectures/lectures2015.pdf}"
}

@MISC{Project,
title = "Lecture notes",
howpublished = "\url{https://github.com/CompPhysics/ComputationalPhysics/blob/gh-pages/doc/Projects/2016/Project4/pdf/Project4.pdf}"
}
