@misc{cite:github,
Author = {Simen N. Bastnes},
Howpublished = {\\\url{https://github.com/simennb/fys4150-project-4}},
Title = {Project 4 GitHub repository},
Year = {2016}}

@article{cite:lars_onsager,
Title = {Crystal statistics. I. A two-dimensional model with an order-disorder transition},
Author = {Onsager, Lars},
Journal = {Phys. Rev.},
Volume = {65},
Issue = {3-4},
Pages = {117},
Publisher = {APS},
Year = {1944}}